<record><leader>00000cas a2200000 a 4500</leader><controlfield tag="001">46371600</controlfield><controlfield tag="007">hd afu---baca</controlfield><controlfield tag="007">hd bfu---baaa</controlfield><controlfield tag="007">hd bfu---baba</controlfield><controlfield tag="008">010305d18231828mauwr nea     0    0eng c</controlfield><datafield ind1=" " ind2=" " tag="010"><subfield code="a">   00221147 </subfield></datafield><datafield ind1=" " ind2=" " tag="040"><subfield code="a">ATL</subfield><subfield code="b">eng</subfield><subfield code="c">ATL</subfield><subfield code="d">OCLCQ</subfield><subfield code="d">OCLCF</subfield><subfield code="d">OCLCO</subfield></datafield><datafield ind1="1" ind2=" " tag="029"><subfield code="a">AU@</subfield><subfield code="b">000022508649</subfield></datafield><datafield ind1=" " ind2=" " tag="042"><subfield code="a">pcc</subfield></datafield><datafield ind1=" " ind2=" " tag="043"><subfield code="a">n-usn--</subfield></datafield><datafield ind1="1" ind2="4" tag="050"><subfield code="a">BX8201</subfield></datafield><datafield ind1="0" ind2=" " tag="130"><subfield code="a">Zion's herald (Boston, Mass. : 1823)</subfield></datafield><datafield ind1="1" ind2="0" tag="245"><subfield code="a">Zion's herald</subfield><subfield code="h">[microform].</subfield></datafield><datafield ind1=" " ind2=" " tag="260"><subfield code="a">Boston [Mass.] :</subfield><subfield code="b">Moore and Prowse,</subfield><subfield code="c">1823-1828.</subfield></datafield><datafield ind1=" " ind2=" " tag="300"><subfield code="a">v.</subfield></datafield><datafield ind1=" " ind2=" " tag="310"><subfield code="a">Weekly</subfield></datafield><datafield ind1="0" ind2=" " tag="362"><subfield code="a">Vol. 1, no. 1 (Jan. 9, 1823)-v. 6, no. 35 (Aug. 27, 1828).</subfield></datafield><datafield ind1=" " ind2=" " tag="550"><subfield code="a">Issued for the New England Conference of the Methodist Episcopal Church, 1824-1828 and of the Maine Conference, July 27, 1825-1828.</subfield></datafield><datafield ind1=" " ind2=" " tag="580"><subfield code="a">Merged with: Christian advocate and journal, to form: Christian advocate and journal and Zion's herald.</subfield></datafield><datafield ind1=" " ind2=" " tag="533"><subfield code="a">Microfilm.</subfield><subfield code="m">v.1-6 (1823-1828):[Lacks:v.3:no. 26;v.4:no. 46]</subfield><subfield code="b">Chicago, Ill. :</subfield><subfield code="c">American Theological Library Association,</subfield><subfield code="d">197u.</subfield><subfield code="e">3 microfilm reels ; 35 mm.</subfield><subfield code="f">(ATLA serials preservation program ; ATLA film S00022A).</subfield><subfield code="n">Reel 3 includes some issues of: Christian advocate and journal and Zion's herald.</subfield></datafield><datafield ind1=" " ind2="0" tag="650"><subfield code="a">Methodist Church</subfield><subfield code="z">New England</subfield><subfield code="v">Newspapers.</subfield></datafield><datafield ind1=" " ind2="7" tag="655"><subfield code="a">Newspapers.</subfield><subfield code="2">fast</subfield><subfield code="0">(OCoLC)fst01423814</subfield></datafield><datafield ind1=" " ind2="7" tag="650"><subfield code="a">Methodist Church.</subfield><subfield code="2">fast</subfield><subfield code="0">(OCoLC)fst01018643</subfield></datafield><datafield ind1=" " ind2="7" tag="651"><subfield code="a">New England.</subfield><subfield code="2">fast</subfield><subfield code="0">(OCoLC)fst01241913</subfield></datafield><datafield ind1="2" ind2=" " tag="710"><subfield code="a">Methodist Episcopal Church.</subfield><subfield code="b">New England Conference.</subfield></datafield><datafield ind1="2" ind2=" " tag="710"><subfield code="a">Methodist Episcopal Church.</subfield><subfield code="b">Maine Conference.</subfield></datafield><datafield ind1=" " ind2=" " tag="752"><subfield code="a">United States</subfield><subfield code="b">Massachusetts</subfield><subfield code="c">Suffolk</subfield><subfield code="d">Boston.</subfield></datafield><datafield ind1="1" ind2=" " tag="776"><subfield code="c">Original</subfield><subfield code="w">(DLC)sn 91063068</subfield><subfield code="w">(OCoLC)6639390</subfield></datafield><datafield ind1="1" ind2=" " tag="776"><subfield code="t">Zion's herald</subfield><subfield code="w">(DLC)sf 89090991</subfield><subfield code="w">(OCoLC)9346563</subfield></datafield><datafield ind1="1" ind2="7" tag="785"><subfield code="t">Christian advocate and journal (New York, N.Y. : 1827)</subfield><subfield code="w">(DLC)sn 77020613</subfield><subfield code="w">(OCoLC)8881820</subfield></datafield><datafield ind1="1" ind2="7" tag="785"><subfield code="t">Christian advocate and journal and Zion's herald</subfield><subfield code="w">(DLC)   00221080</subfield><subfield code="w">(OCoLC)8881883</subfield></datafield><datafield ind1=" " ind2="0" tag="830"><subfield code="a">ATLA serials preservation program ;</subfield><subfield code="v">ATLA film S0022A.</subfield></datafield></record>